%% This BibTeX bibliography file was created using BibDesk.
%% http://bibdesk.sourceforge.net/


%% Created for Neil Taylor at 2014-04-07 22:34:31 +0100 


%% Saved with string encoding Unicode (UTF-8) 


@book{BAB,
	Annote = {Section of book explains the three different types of mobile app development.},
	Author = {Richard. Rodger},
	Pages = {2},
	Publisher = {Wiley},
	Title = {{Beginning Mobile Application Development in the Cloud}},
	Year = {2011}}

@book{IIA,
	Annote = {Section of book explains the different types of hybrid apps and the benefits to each type.},
	Author = {Ionic in Action},
	Pages = {3-6},
	Publisher = {Manning},
	Title = {{Ionic in Action}},
	Year = {2016}}

@misc{MAC,
       Annote = {Blog post which provides a nice comparison of the different types of app development, has a table which is a visulisation of the different features avalaiable to each type of app development technique.},
       Author = {Joe Stangarone},
       HowPublished = {\url{http://www.mrc-productivity.com/blog/2016/06/the-mobile-app-comparison-chart-hybrid-vs-native-vs-mobile-web/}},
       Month = {June},
       Note = {Accessed 10th February 2017},
       Title = {The Mobile App Comparison Chart}
       Year = {2016}}

@misc{PTA,
	Annote = {Blog post gives a rundown of different app development techniques.},
	Author = {Oleksandr Yevtushenko},
	Howpublished = {\url{https://thinkmobiles.com/blog/popular-types-of-apps/}},
	Month = Dec,
	Note = {Accessed 10th February 2017},
	Title = {What are the popular types and categories of apps},
	Year = {2016}}

@misc{SF,
       	Annote = {Blog post gives a rundown of different development techniques and explains about hybrid apps accessing native API's.},
	Author = {Mario Korf and Eugene Oksman},
	Howpublished = {\url{https://developer.salesforce.com/page/Native,_HTML5,_or_Hybrid:_Understanding_Your_Mobile_Application_Development_Options}},
	Month = June,
	Note = {Accessed 10th February 2017},
	Title = {Understanding Your Mobile Application Development Options},
	Year = {2016}}



@url{ID,
	Annote = {Apple Developer Site; explains how Native apps are made using Swift. (Please note the year is this year as the site is constantly updating.)},
	Author = {{Apple}},
	Howpublished = {\url{https://developer.apple.com/develop/}},
	Lastchecked = {10th February 2017},
	Title = {{Apple Developer Site}},
	Year = 2017}}


@url{AD,
	Annote = {Android Developer Site; gives information about native apps including that they are made in Java. (Please note the year is this year as the site is constantly updating.)},
	Author = {{Android (Google}},
	Howpublished = {\url{https://developer.android.com/develop/}},
	Lastchecked = {10th February 2017},
	Title = {{Android Developer}},
	Year = 2017}}

@url{Agile,
	Annote = {The Agile Manifesto which clearly highlights welcoming change over following a plan.},
	Author = {Multiple (listed on site.)},
	Howpublished = {\url{http://agilemanifesto.org/}},
	Lastchecked = {1st March 2017},
	Title = {{Manifesto for Agile Software Development}},
	Year = 2001}}

